% BAUGRUPPE MCU:
@misc{MSP430F5529,
author = {\text{Texas Instruments}},
title = {\text{MSP430F5529}},
howpublished = "\\ \url{https://www.ti.com/product/MSP430F5529}",
note = "\\ Eingesehen: 02-2021 "
}

@misc{Datenblatt_MSP430F5529,
author = {\text{Texas Instruments}},
title = {\text{Datenblatt MSP430F5529}},
howpublished = "\\ \url{https://www.ti.com/document-viewer/MSP430F5529/datasheet}",
note = "\\ Eingesehen: 02-2021 "
}

@misc{DevKit,
author = {\text{Texas Instruments}},
title = {\text{DevKit}},
howpublished = "\\ \url{https://www.ti.com/tool/MSP-EXP430F5529LP}",
note = "\\ Eingesehen: 09-2020 "
}

@book{Texas_Instruments:DevKit,
author = {Texas Instruments},
title = {MSP430F5529 LauchPad},
year = {2017},
publisher = {Texas Instruments},
}

@misc{CCS,
title = {\text{Code Composer Studio}},
howpublished = "\\ \url{https://www.ti.com/tool/CCSTUDIO}",
note = "\\ Eingesehen: 09-2020 "
}

@misc{State_Machine,
title = {\text{State Machine}},
howpublished = "\\ \url{https://statecharts.github.io/what-is-a-state-machine.html}",
note = "\\ Eingesehen: 02-2021 "
}

@misc{Interrupt1,
title = {Interrupt},
howpublished = "\\ \url{https://www.renesas.com/us/en/support/engineer-school/mcu-programming-peripherals-04-interrupts}",
note = "\\ Eingesehen: 10-2020 "
}

@misc{Interrupt2,
title = {\text{Interrupt - Allgemeines}},
howpublished = "\\ \url{https://www.mikrocontroller.net/articles/Interrupt}",
note = "\\ Eingesehen: 11-2020 "
}

@misc{Watchdog_Timer,
title = {\text{Watchdog Timer}},
howpublished = "\\ \url{https://www.ti.com/lit/an/slaa789/slaa789.pdf}",
note = "\\ Eingesehen: 09-2020 "
}

@misc{FatFs_Lib,
title = {\text{FatFs Lib}},
howpublished = "\\ \url{https://github.com/Faysal08/MSP430F5529_SD_CARD_INTERFACING}",
note = "\\ Eingesehen: 01-2021 "
}

@misc{FatFs_Entwickler,
title = {\text{FatFs Entwickler}},
howpublished = "\\ \url{http://elm-chan.org/fsw/ff/00index_e.html}",
note = "\\ Eingesehen: 01-2021 "
}

% BAUGRUPPE DISPLAY:
@misc{Datenblatt_Nextion,
title = {\text{Datenblatt NX4024T032}},
OPTorganization = {Nextion},
howpublished = "\\ \url{https://nextion.tech/datasheets/nx4024t032/}",
note = "\\ Eingesehen: 09-2020 "
}

@misc{Nextion_Editor,
title = {\text{Nextion Editor}},
howpublished = "\\ \url{https://nextion.tech/editor_guide/}",
note = "\\ Eingesehen: 09-2020 "
}

@misc{Nextion_Anweisungen,
title = {\text{Nextion Anweisungen}},
howpublished = "\\ \url{https://nextion.tech/instruction-set/}",
note = "\\ Eingesehen: 10-2020 "
}

@misc{GIMP,
title = {\text{GIMP}},
howpublished = "\\ \url{https://www.gimp.org}",
note = "\\ Eingesehen: 09-2020 "
}

@misc{Android_Studio,
title = {\text{Android Studio}},
howpublished = "\\ \url{https://developer.android.com/studio}",
note = "\\ Eingesehen: 11-2020 "
}

@misc{Blender,
title = {\text{Blender}},
howpublished = "\\ \url{https://www.blender.org/}",
note = "\\ Eingesehen: 11-2020 "
}

@misc{Activity_Lifecycle,
title = {\text{Activity Lebenszyklus}},
howpublished = "\\ \url{https://developer.android.com/guide/components/images/activity_lifecycle.png}",
note = "\\ Eingesehen: 11-2020 "
}

@misc{Activity_Overview,
title = {\text{Activity}},
howpublished = "\\ \url{https://developer.android.com/guide/components/activities/intro-activities}",
note = "\\ Eingesehen: 11-2020 "
}

@misc{Graph_View_Libary,
title = {\text{Graph View Bib}},
howpublished = "\\ \url{https://github.com/jjoe64/GraphView}",
note = "\\ Eingesehen: 11-2020 "
}

@misc{Firebase,
title = {\text{Firebase}},
howpublished = "\\ \url{https://firebase.google.com/}",
note = "\\ Eingesehen: 11-2020 "
}

@misc{Google_Analytics,
title = {\text{Google Analytics}},
howpublished = "\\ \url{https://analytics.google.com/analytics/web/}",
note = "\\ Eingesehen: 11-2020 "
}

% Quellen Erik

@book{B_A_P,
author = {Dr. med. Nicole Menche},
title = {Biologie Anatomie Physiologie},
year = {2011},
publisher = {Urban und Fischer},
}

@book{Tietze_Schenk,
author = {Dr.-Ing. Ulrich Tietze, Dipl.-Ing. Eberhard Gamm},
title = {Halbleiter-Schaltungstechnik},
year = {1999},
publisher = {Springer},
}

@misc{Datenblatt_OPV,
title = {\text{Datenblatt Operationsverstärker AD8541/AD8542/AD8544}},
OPTorganization = {Analog Devices},
howpublished = "\\ \url{https://www.analog.com/media/en/technical-documentation/data-sheets/AD8541_8542_8544.pdf}",
note = "\\ Eingesehen: 10-2020 "
}

@misc{Datenblatt_InAmp,
title = {\text{Datenblatt Instrumentenverstärker AD8422}},
OPTorganization = {Analog Devices},
howpublished = "\\ \url{https://www.analog.com/media/en/technical-documentation/data-sheets/AD8422.pdf}",
note = "\\ Eingesehen: 10-2020 "
}

@misc{Apothekenumschau,
title = {\text{Vorhofflimmern: Ursachen und Therapien}},
OPTorganization = {},
howpublished = "\\ \url{https://www.apotheken-umschau.de/herzrhythmusstoerungen/vorhofflimmern}",
note = "\\ Eingesehen: 09-2020 "
}

@misc{Arztblatt,
title = {\text{Vorhofflimmern. Prävalenz und Risikofaktorenprofil in der Allgemeinbevölkerung}},
OPTorganization = {},
howpublished = "\\ \url{https://www.aerzteblatt.de/archiv/125010/Vorhofflimmern}",
note = "\\ Eingesehen: 09-2020 "
}

@misc{SD_Karte,
title = {\text{Datenblatt SD-Kartenmodul}},
OPTorganization = {Adafruit},
howpublished = "\\ \url{https://cdn-learn.adafruit.com/downloads/pdf/adafruit-micro-sd-breakout-board-card-tutorial.pdf}",
note = "\\ Eingesehen: 11-2020 "
}


% Quellen Adrian

@misc{5V_DCDC_Datasheet,
	author = {\text{RICOH}},
	title = {\text{RP402 Datasheet}},
	howpublished = "\\ \url{https://www.mouser.de/datasheet/2/792/rp402-ea-1770661.pdf}",
	note = "\\ Eingesehen: 03-2021 "
}

@misc{5V_DCDC_Buy,
	author = {\text{MOUSER}},
	title = {\text{RP402 Bauteil}},
	howpublished = "\\ \url{https://www.mouser.de/ProductDetail/Ricoh-Electronic-Devices-Company/RP402N501F-TR-FE/?qs=ilL34mSzaLj3p4B9FaWLxQ%3D%3D}",
	note = "\\ Eingesehen: 03-2021 "
}

@misc{3V_LDO_Datasheet,
	author = {\text{TI}},
	title = {\text{TPS79030DBVT Datasheet}},
	howpublished = "\\ \url{https://www.ti.com/lit/ds/symlink/tps790.pdf?ts=1615323340849&ref_url=https%253A%252F%252Fwww.ti.com%252Fstore%252Fti%252Fen%252Fp%252Fproduct%252F%253Fp%253DTPS79030DBVT}",
	note = "\\ Eingesehen: 03-2021 "
}

@misc{Altium_Homepage,
	author = {\text{Altium}},
	title = {\text{Designer Homepage}},
	howpublished = "\\ \url{https://www.altium.com/altium-designer/de}",
	note = "\\ Eingesehen: 09-2020 "
}

@misc{Altium_PCB_Footprint,
	author = {\text{Altium}},
	title = {\text{Creating the PCB Footprint}},
	howpublished = "\\ \url{https://www.altium.com/documentation/altium-designer/creating-the-pcb-footprint-ad}",
	note = "\\ Eingesehen: 10-2020 "
}

@misc{MCB_Rules,
	author = {\text{Multi Circuit Boards}},
	title = {\text{Basic Design Rules}},
	howpublished = "\\ \url{https://www.multi-circuit-boards.eu/fileadmin/user_upload/downloads/leiterplatten_design-hilfe/Multi-CB-Leiterplatten_Basic-Design-Rules.pdf}",
	note = "\\ Eingesehen: 12-2020 "
}

@misc{Trace_Calculator,
	author = {\text{4PCB}},
	title = {\text{Trace Width Calculator}},
	howpublished = "\\ \url{https://www.4pcb.com/trace-width-calculator.html}",
	note = "\\ Eingesehen: 12-2020 "
}

@misc{HC-05_Datasheet,
	author = {\text{ITeadStudio}},
	title = {\text{HC-05}},
	howpublished = "\\ \url{https://datasheetspdf.com/pdf-file/1418730/ITead/HC-05/1}",
	note = "\\ Eingesehen: 12-2020 "
}